@article{ane-griesheimer-2014,
  author = "David P. Griesheimer and Daniel F. Gill and Brian R. Nease and
                  Thomas M. Sutton and Mark H. Stedry and Peter S. Dobreff and
                  David C. Carpenter and Timothy H. Trumbull and Ed Caro and
                  Hansem Joo and David L. Millman",
  title = "{MC21} v.6.0 --- A Continuous-Energy {M}onte {C}arlo Particle
                  Transport Code with Integrated Reactor Feedback Capabilities",
  journal = "Ann. Nucl. Energy",
  year = 2014,
  note = "doi:10.1016/j.anucene.2014.08.020"
}


@article{ane-romano-2013,
  author = "Paul K. Romano and Benoit Forget",
  title = "The {OpenMC} {M}onte {C}arlo Particle Transport Code",
  journal = "Ann. Nucl. Energy",
  volume = 51,
  pages = "274--281",
  year = 2013,
  note = "doi:10.1016/j.anucene.2012.06.040",
}

@article{ane-romano-2014,
  author = "Paul K. Romano and Nicholas E. Horelik and Bryan R. Herman and Adam
                  G. Nelson and Benoit Forget and Kord Smith",
  title = "{OpenMC}: A State-of-the-Art {M}onte {C}arlo Code for Research and
                  Development",
  journal = "Ann. Nucl. Energy",
  year = 2014,
  note = "doi:10.1016/j.anucene.2014.07.048",
}

@article{ane-tramm-2014,
  author = "John R. Tramm and Andrew R. Siegel",
  title = "Memory bottlenecks and memory contention in multi-core {M}onte
                  {C}arlo transport codes",
  journal = "Ann. Nucl. Energy",
  year = 2014,
  note = "doi:1016/j.anucene.2014.08.038",
}

@article{cpc-siegel-2014,
  author = "Andrew Siegel and Kord Smith and Kyle Felker and Paul Romano and
                  Benoit Forget and Peter Beckman",
  title = "Improved cache performance in Monte Carlo transport calculations
                  using energy banding",
  journal = "Comput. Phys. Commun.",
  volume = 185,
  number = 4,
  pages = "1195--1199",
  year = 2014,
  note = "doi:10.1016/j.cpc.2013.10.008",
}

@techreport{icsbep-2012,
  author = "{NEA Nuclear Science Committee}",
  title = "International Handbook of Evaluated Criticality Safety Benchmark
                  Experiments",
  institution = "OECD Nuclear Energy Agency",
  number = "NEA/NSC/DOC(95)03",
  year = 2012
}

@article{ijhpca-siegel-2014,
  author = "Andrew R. Siegel and Kord Smith and Paul K. Romano and Benoit Forget
                  and Kyle Felker",
  title = "Multi-core performance studies of a {M}onte {C}arlo neutron transport
                  code",
  journal = "Int. J. High Perform. Comput. Appl.",
  volume = 28,
  number = 1,
  pages = "87--96",
  year = 2014,
  note = "doi:10.1177/1094342013492179"
}

@article{jcp-romano-2013,
  author = "Paul K. Romano and Andrew R. Siegel and Benoit Forget and Kord
                  Smith",
  title = "Data decomposition of {M}onte {C}arlo particle transport simulations
                  via tally servers",
  journal = "J. Comput. Phys.",
  volume = 252,
  pages = "20--36",
  year = 2013,
  note = "doi:10.1016/j.jcp/2013.06.011"
}

@article{jcp-siegel-2012,
  author = "Andrew Siegel and Kord Smith and Vijay Mahadevan and Paul Fischer",
  title = "Analysis of communication costs for domain decomposed {M}onte
                  {C}arlo methods in nuclear reactor analysis",
  journal = "J. Comput. Phys.",
  volume = 231,
  pages = "3119--3125",
  year = 2012
}

@article{jcp-siegel-2013,
  author = "Andrew R. Siegel and Kord Smith and Paul K. Romano and Benoit Forget
                  and Kyle Felker",
  title = "The effect of load imbalances on the performance of {M}onte {C}arlo
                  codes in {LWR} analysis",
  journal = "J. Comput. Phys.",
  volume = 235,
  pages = "901--911",
  year = 2013,
  note = "doi:10.1016/j.jcp.2012.06.012"
}

@misc{intel,
  author = "David Levinthal",
  title = "Performance Analysis Guide for Intel\textregistered~ Core\texttrademark~ i7 Processor and Intel
                  Xeon\texttrademark~ 5500 processors",
  institution = "Intel Corporation",
  year = 2009,
  howpublished = "\url{https://software.intel.com/sites/products/collateral/hpc/vtune/performance_analysis_guide.pdf}",
  note = "(accessed November 20, 2014)"
}

@techreport{lanl-goorley-2014,
  author = "Tim Goorley",
  title = "{MCNP} 6.1.1 - Release Notes",
  institution = "Los Alamos National Laboratory",
  number = "LA-UR-14-24680",
  year = 2014,
}

@inproceedings{mc-hoogenboom-2011,
  author = "J. E. Hoogenboom and William R. Martin and Bojan Petrovic",
  title = "The {M}onte {C}arlo performance benchmark test---Aims,
                  Specifications, and First Results",
  booktitle = "Int. Conf. on Mathematics and Computational Methods Applied to
                  Nuclear Science and Engineering",
  address = "Rio de Janeiro, Brazil",
  year = 2011,
}

@inproceedings{mc-horelik-2013,
  author = "Nicholas Horelik and Bryan Herman and Benoit Forget and Kord Smith",
  title = "Benchmark for Evaluation and Validation of Reactor Simulations
                  ({BEAVRS})",
  booktitle = "Int. Conf. Mathematics and Computational Methods
                  Applied to Nuclear Science and Engineering",
  address = "Sun Valley, Idaho",
  month = "May 5--9",
  year = 2013,
}

@article{nse-romano-2012,
  author = "Paul K. Romano and Benoit Forget",
  title = "Parallel Fission Bank Algorithms in {M}onte {C}arlo Criticality
                  Calculations",
  journal = "Nucl. Sci. Eng.",
  volume = 170,
  number = 2,
  pages = "125--135",
  month = feb,
  year = 2012,
  issn = "0029-5639",
  url = "http://hdl.handle.net/1721.1/73569"
}

@article{pc-horelik-2014,
  author = "Nicholas Horelik and Andrew Siegel and Benoit Forget and Kord Smith",
  title = "{M}onte {C}arlo Domain Decomposition for Robust Nuclear Reactor Analyses",
  journal = "Parallel Comput.",
  volume = 40,
  number = 10,
  pages = "646--660",
  year = 2014,
  note = "doi:10.1016/j.parco.2014.10.001",
}

@inproceedings{physor-horelik-2014,
  author = "Nicholas Horelik and Benoit Forget and Kord Smith and Andrew Siegel",
  title = "Domain decomposition and terabyte tallies with the {OpenMC} {M}onte
                  {C}arlo neutron transport code",
  booktitle = "PHYSOR -- The Role of Reactor Physics toward a Sustainable Future",
  address = "Kyoto, Japan",
  month = "Sep. 28 -- Oct. 3",
  year = 2014,
}

@inproceedings{physor-tramm-2014,
  author = "John R. Tramm and Andrew R. Siegel and Tanzima Islam and Martin Schulz",
  title = "{XSBench} -- The Development and Verification of a Performance
                  Abstraction for {M}onte {C}arlo Reactor Analysis",
  booktitle = "PHYSOR -- The Role of Reactor Physics toward a Sustainable Future",
  address = "Kyoto, Japan",
  month = "Sep. 28 -- Oct. 3",
  year = 2014,
}

@inproceedings{physor-kelly-2012,
  author = "Daniel J. Kelly and Thomas M. Sutton and Stephen C. Wilson",
  title = "{MC21} Analysis of the {N}uclear {E}nergy {A}gency {M}onte {C}arlo
                  Performance Benchmark Problem",
  booktitle = "PHYSOR -- Advances in Reactor Physics -- Linking Research,
                  Industry, and Education",
  address = "Knoxville, Tennessee",
  month = "Apr. 15--20",
  year = 2012
}

@article{trans-romano-2012,
  author = "Paul K. Romano and Benoit Forget",
  title = "Reducing Parallel Communication in {M}onte {C}arlo Simulations via
                  Batch Statistics",
  journal = "Trans. Am. Nucl. Soc.",
  volume = 107,
  pages = "519--522",
  year = 2012
}

@phdthesis{cachegrind,
  author = "Nicholas Nethercote",
  title = "Dynamic Binary Analysis and Instrumentation",
  school = "University of Cambridge",
  address = "Cambridge, United Kingdom",
  year = 2004,
}
